@book{CoB:05,
    author    = "Constantine A. Balanis",
    title     = "Antenna Theory: Analysis and Design",
    year      = "2005",
    publisher = "Wiley-Interscience",
}

@book{NoK:05,
    author    = "Noyan Kinayman",
    title     = "Modern Microwave Circuits",
    year      = "2005",
    publisher = "Artech House",
}

@book{KFL:10,
    author    = "Kai Fong Lee, Kwai Man Luk",
    title     = "Microstrip Patch Antennas",
    year      = "2010",
    publisher = "Imperial College Press",
}


@book{LFa:04,
    author    = "L. F. Chen, C. K. Ong, C. P. Neo, V. V. Varadan, Vijay K. Varadan",
    title     = "Microwave Electronics: Measurement and Materials Characterization",
    year      = "2004",
    publisher = "Wiley",
}

@book{AmB:16,
    author    = "Amal Banerjee",
    title     = "Automated Electronic Filter Design",
    year      = "2016",
    publisher = "Springer",
}

@book{NkN:16,
    author    = "Natalia K. Nikolova",
    title     = "Organizational Lecture: ECE753 Modern Antennas in Wireless Telecommunications",
    year      = "2016",
    publisher = "McMaster University",
}


@electronic{AkS,
  author      = "Prof. M J Akhtar and Prof. K V Srivastava",
  title       = "Find the change in characteristics impedance and reflection coefficients of the transmission line by changing the dielectric properties of materials embedded between two conductors",
  url         = "http://www.iitk.ac.in/mimt_lab/vlab/reflection_coefficients/theory1.html",
}

@electronic{AtT,
  author      = "antenna-theory.com",
  title       = "{Microstrip (Patch) Antennas}, Introduction to Patch Antennas",
  url         = "http://www.antenna-theory.com/antennas/patches/antenna.php",
}


@article{CaM:81, 
  author      = "K. Carver and J. Mink", 
  journal     = "IEEE Transactions on Antennas and Propagation", 
  title       = "Microstrip antenna technology", 
  year        = "1981", 
  volume      = "29", 
  number      = "1", 
  pages       = "2-24", 
  keywords    = "Bibliographies;Microstrip antennas;Antenna theory;Dielectric constant;Dielectric materials;Dielectric substrates;Dipole antennas;Finite element methods;Microstrip antennas;Moment methods;Resonant frequency;Transmission lines", 
  doi         = "10.1109/TAP.1981.1142523", 
  ISSN        = "0018-926X", 
  month       = "Jan",}

%%%%%%%%%%% CVX %%%%%%%%%%%%%%%%%%%%%%%%%%%%%%%
@misc{GrB:08,
	title={{CVX}: Matlab software for disciplined convex programming (web page and software)},
	author={M. Grant and S. Boyd},
	howpublished = {\texttt{http://stanford.edu/\~{}boyd/cvx}},
	month = {August},
	year = {2008}
}
@incollection{GrB:08b,
  title={Graph Implementations for Nonsmooth Convex Programs},
  author={M. Grant and S. Boyd},
  editor={V. Blondel and S. Boyd and H. Kimura}, 
  booktitle={Recent Advances in Learning and Control (a tribute to M. Vidyasagar)},
  year={2008},
  publisher={Springer Verlag},
}
@techreport{
 DRV:04,
 author={J. Dahl and V. Roychowdhury and L. Vandenberghe}, 
 title={Maximum-likelihood estimation of multivariate normal graphical
    models: large-scale numerical implementation and topology selection},
 institution={Electrical Engineering Department, UCLA},
 year=2005 
}
@conference{JiY:09,
  title={{An accelerated gradient method for trace norm minimization}},
  author={S. Ji, S. and J. Ye},
  booktitle={Proceedings of the 26th Annual International Conference on Machine Learning},
  pages={457--464},
  year={2009}
}

